@misc{Kaggle2014Online,
   title = {CIFAR-10 - Object Recognition in Images},
   author = {Kaggle.com},
   howpublished = {\ \url{http://www.kaggle.com/c/cifar-10/}},
   note = {Accessed: 2014-02-10}
}

@misc{Hinton2012Coursera,
   title = {Neural Nets},
   author = {Hinton, Geoffrey},
   howpublished = {\ \url{http://class.coursera.org/neuralnets-2012Â­-001/}},
   note = {Accessed: 2014-02-10}
}

@misc{Ng2013Coursera,
   title = {Machine Learning},
   author = {Ng, Andrew},
   howpublished = {\ \url{http://www.cousera.org/course/ml/}},
   note = {Accessed: 2014-01-05}
}

@misc{Deep2012Online,
   title = {Deeplearning},
   author = {Deeplearning.net},
   howpublished = {\ \url{http://deeplearning.net/software/theano/tutorial/index.html}},
   note = {Accessed: 2014-02-10}
}

@article{krizhevsky2009learning,
  title={Learning multiple layers of features from tiny images},
  author={Krizhevsky, Alex and Hinton, Geoffrey},
  journal={Computer Science Department, University of Toronto, Tech. Rep},
  year={2009},
  publisher={Citeseer}
}

@article{hinton2010practical,
  title={A practical guide to training restricted Boltzmann machines},
  author={Hinton, Geoffrey},
  journal={Momentum},
  volume={9},
  number={1},
  pages={926},
  year={2010}
}

@inproceedings{krizhevsky2012imagenet,
  title={ImageNet Classification with Deep Convolutional Neural Networks.},
  author={Krizhevsky, Alex and Sutskever, Ilya and Hinton, Geoffrey E},
  booktitle={NIPS},
  volume={1},
  number={2},
  pages={4},
  year={2012}
}

@book{daubechies1992ten,
  title={Ten lectures on wavelets},
  author={Daubechies, Ingrid and others},
  volume={61},
  year={1992},
  publisher={SIAM}
}

@article{johnson2008image,
  title={Image processing for artist identification},
  author={Johnson, C Richard and Hendriks, Ella and Berezhnoy, Igor J and Brevdo, Eugene and Hughes, Shannon M and Daubechies, Ingrid and Li, Jia and Postma, Eric and Wang, James Z},
  journal={Signal Processing Magazine, IEEE},
  volume={25},
  number={4},
  pages={37--48},
  year={2008},
  publisher={IEEE}
}

@book{duda2012pattern,
  title={Pattern classification},
  author={Duda, Richard O and Hart, Peter E and Stork, David G},
  year={2012},
  publisher={John Wiley \& Sons}
}

@book{mackay2003information,
  title={Information theory, inference and learning algorithms},
  author={MacKay, David JC},
  year={2003},
  publisher={Cambridge university press}
}

@book{sivanandam2008genetic,
  title={Genetic Algorithm Optimization Problems},
  author={Sivanandam, SN and Deepa, SN},
  year={2008},
  publisher={Springer}
}

@book{bandyopadhyay2007classification,
  title={Classification and learning using genetic algorithms: applications in bioinformatics and web intelligence},
  author={Bandyopadhyay, Sanghamitra and Pal, Sankar Kumar},
  year={2007},
  publisher={Springer}
}

@book{goldberg1989genetic,
  title={Genetic algorithms in search, optimization, and machine learning},
  author={Goldberg, David Edward and others},
  volume={412},
  year={1989},
  publisher={Addison-wesley Reading Menlo Park}
}

@mastersthesis{norouzi2009convolutional,
  title={Convolutional restricted boltzmann machines for feature learning},
  author={Norouzi, Mohammad},
  year={2009},
  school={School of Computing Science-Simon Fraser University}
}

@inproceedings{tomar2013efficient,
  title={Efficient manifold learning for speech recognition using locality sensitive hashing},
  author={Tomar, Vikrant Singh and Rose, Richard C},
  booktitle={Acoustics, Speech and Signal Processing (ICASSP), 2013 IEEE International Conference on},
  pages={6995--6999},
  year={2013},
  organization={IEEE}
}

@incollection{bengio2012practical,
  title={Practical recommendations for gradient-based training of deep architectures},
  author={Bengio, Yoshua},
  booktitle={Neural Networks: Tricks of the Trade},
  pages={437--478},
  year={2012},
  publisher={Springer}
}

@article{bergstra2012random,
  title={Random search for hyper-parameter optimization},
  author={Bergstra, James and Bengio, Yoshua},
  journal={The Journal of Machine Learning Research},
  volume={13},
  pages={281--305},
  year={2012},
  publisher={JMLR. org}
}

@INPROCEEDINGS{bergstra+al:2010-scipy,
     author = {Bergstra, James and Breuleux, Olivier and Bastien, Fr{\'{e}}d{\'{e}}ric and Lamblin, Pascal and Pascanu, Razvan and Desjardins, Guillaume and Turian, Joseph and Warde-Farley, David and Bengio, Yoshua},
      month = jun,
      title = {Theano: a {CPU} and {GPU} Math Expression Compiler},
  booktitle = {Proceedings of the Python for Scientific Computing Conference ({SciPy})},
       year = {2010},
   location = {Austin, TX},
       note = {Oral Presentation},
}

@inproceedings{krizhevsky2010factored,
  title={Factored 3-way restricted boltzmann machines for modeling natural images},
  author={Krizhevsky, Alex and Hinton, Geoffrey E and others},
  booktitle={International Conference on Artificial Intelligence and Statistics},
  pages={621--628},
  year={2010}
}

@inproceedings{snoek2012practical,
  title={Practical Bayesian Optimization of Machine Learning Algorithms.},
  author={Snoek, Jasper and Larochelle, Hugo and Adams, Ryan P},
  booktitle={NIPS},
  pages={2960--2968},
  year={2012}
}

@article{bengio2000gradient,
  title={Gradient-based optimization of hyperparameters},
  author={Bengio, Yoshua},
  journal={Neural computation},
  volume={12},
  number={8},
  pages={1889--1900},
  year={2000},
  publisher={MIT Press}
}

@inproceedings{bergstra2011algorithms,
  title={Algorithms for Hyper-Parameter Optimization.},
  author={Bergstra, James and Bardenet, R{\'e}mi and Bengio, Yoshua and K{\'e}gl, Bal{\'a}zs and others},
  booktitle={NIPS},
  volume={24},
  pages={2546--2554},
  year={2011}
}

@article{bergstra2012random,
  title={Random search for hyper-parameter optimization},
  author={Bergstra, James and Bengio, Yoshua},
  journal={The Journal of Machine Learning Research},
  volume={13},
  pages={281--305},
  year={2012},
  publisher={JMLR. org}
}

@article{grefenstette1986optimization,
  title={Optimization of control parameters for genetic algorithms},
  author={Grefenstette, John J},
  journal={Systems, Man and Cybernetics, IEEE Transactions on},
  volume={16},
  number={1},
  pages={122--128},
  year={1986},
  publisher={IEEE}
}


